@ARTICLE{temphHaskell,
    author = {Tim Sheard, Simon Peyton Jones},
    title = {Template Meta-programming for Haskell},
    year = {2002},
    journal = { Proc. Haskell Workshop, 2002, Pittsburgh} 
}

@MVBOOK{haskellGreatGood,
    author = {Миран Липовача},
    title = {Изучай Haskell во имя добра!},
    year = {2012}, 
    language = {russian},
    publisher = {ДМК Пресс}
}

@MVBOOK{implmFuncLang,
    author = {Simon Peyton Jones, David Lester},
    title = {Изучай Haskell во имя добра!},
    year = {2012}, 
    language = {russian},
    publisher = {ДМК Пресс}
} 

@ONLINE{aesonEx,
    title = {Обзор Data.Aeson и примеры использования},
    language = {english},
    hyphenation = {english},
    url = {https://www.schoolofhaskell.com/school/starting-with-haskell/libraries-and-frameworks/text-manipulation/json},
    urldate = {2016-02-03},
}

@ONLINE{jsonStandart,
    title = {Стандарт обмена данными JSON},
    language = {english},
    hyphenation = {english},
    url = {http://www.ecma-international.org/publications/files/ECMA-ST/ECMA-404.pdf},
    urldate = {2016-05-03},
}

@ONLINE{thSyntax,
    title = {Language.Haskell.TH.Syntax, абстрактные синтаксические типы данных},
    language = {english},
    hyphenation = {english},
    url = {https://downloads.haskell.org/~ghc/7.6.3/docs/html/libraries/template-haskell-2.8.0.0/Language-Haskell-TH-Syntax.html},
    urldate = {2016-05-19},
}

@ONLINE{aeson,
    title = {Aeson, библиотека для  получения AST формата JSON},
    language = {english},
    hyphenation = {english},
    url = {https://github.com/bos/aeson},
    urldate = {2015-12-12},
}

@ONLINE{extensionHub,
    title = {Описание известных расширений Haskell},
    language = {english},
    hyphenation = {english},
    url = {https://ocharles.org.uk/blog/pages/2014-12-01-24-days-of-ghc-extensions.html},
    urldate = {2016-03-01},
}

@ONLINE{stateM,
    title = {Описание монады State},
    language = {english},
    hyphenation = {english},
    url = {https://wiki.haskell.org/State_Monad},
    urldate = {2016-04-02},
}
